<record><leader>00000cas a22000007a 4500</leader><controlfield tag="001">1554831</controlfield><controlfield tag="008">750817d18921906mnuwr ne      0    0eng d</controlfield><datafield ind1=" " ind2=" " tag="010"><subfield code="a">sn 89064010 </subfield></datafield><datafield ind1=" " ind2=" " tag="040"><subfield code="a">MUL</subfield><subfield code="b">eng</subfield><subfield code="c">MUL</subfield><subfield code="d">OCL</subfield><subfield code="d">MN#</subfield><subfield code="d">OCLCQ</subfield><subfield code="d">OCLCF</subfield><subfield code="d">OCLCO</subfield></datafield><datafield ind1=" " ind2=" " tag="042"><subfield code="a">msc</subfield></datafield><datafield ind1=" " ind2=" " tag="043"><subfield code="a">n-us-mn</subfield></datafield><datafield ind1=" " ind2=" " tag="052"><subfield code="a">4144</subfield><subfield code="b">G8</subfield><subfield code="b">C54</subfield></datafield><datafield ind1=" " ind2=" " tag="052"><subfield code="a">4143</subfield><subfield code="b">Y4</subfield></datafield><datafield ind1="0" ind2=" " tag="130"><subfield code="a">Reform advocate (Granite Falls, Minn.)</subfield></datafield><datafield ind1="1" ind2="0" tag="245"><subfield code="a">Reform advocate.</subfield></datafield><datafield ind1=" " ind2=" " tag="260"><subfield code="a">Granite Falls, Minn. :</subfield><subfield code="b">Reform Pub. Association,</subfield><subfield code="c">-1906.</subfield></datafield><datafield ind1=" " ind2=" " tag="300"><subfield code="a">v.</subfield></datafield><datafield ind1=" " ind2=" " tag="310"><subfield code="a">Weekly</subfield></datafield><datafield ind1="1" ind2=" " tag="362"><subfield code="a">Began in 1892?</subfield></datafield><datafield ind1="0" ind2=" " tag="362"><subfield code="a">-v. 14, no. 41 (Mar. 1, 1906).</subfield></datafield><datafield ind1=" " ind2=" " tag="500"><subfield code="a">Published at: Clarkfield, Minn., &lt;Apr. 22, 1897&gt;-Mar. 1, 1906.</subfield></datafield><datafield ind1=" " ind2=" " tag="530"><subfield code="a">Available on microfilm from the Minnesota Historical Society.</subfield></datafield><datafield ind1=" " ind2=" " tag="588"><subfield code="a">Description based on: Vol. 1, no. 51 (Apr. 26, 1893).</subfield></datafield><datafield ind1=" " ind2="0" tag="651"><subfield code="a">Yellow Medicine County (Minn.)</subfield><subfield code="v">Newspapers.</subfield></datafield><datafield ind1=" " ind2="7" tag="655"><subfield code="a">Newspapers.</subfield><subfield code="2">fast</subfield><subfield code="0">(OCoLC)fst01423814</subfield></datafield><datafield ind1=" " ind2="7" tag="651"><subfield code="a">Minnesota</subfield><subfield code="z">Yellow Medicine County.</subfield><subfield code="2">fast</subfield><subfield code="0">(OCoLC)fst01214836</subfield></datafield><datafield ind1=" " ind2=" " tag="752"><subfield code="a">United States</subfield><subfield code="b">Minnesota</subfield><subfield code="c">Yellow Medicine</subfield><subfield code="d">Granite Falls.</subfield></datafield><datafield ind1=" " ind2=" " tag="752"><subfield code="a">United States</subfield><subfield code="b">Minnesota</subfield><subfield code="c">Yellow Medicine</subfield><subfield code="d">Clarkfield.</subfield></datafield><datafield ind1="0" ind2="0" tag="785"><subfield code="t">Clarkfield advocate</subfield><subfield code="w">(DLC)sn 83016509</subfield></datafield></record>